@article{bib:ISO12207_1997,
  author          = {ISO},
  number          = {12207:1977},
  title           = {Information technology -- Software life cycle processes},
  volume          = {},
  year            = {1997}
}